2561 3528
690 102 1667 151 sEcT.1H.SE·CUNDAE.
2119 115 2167 161 53·

204 164 361 211 estium
393 163 612 209 adhaeserit
643 162 737 218 (k).
771 163 915 207 Potest
946 161 1062 206 enim
1097 161 1263 219 sanguis
1296 178 1382 207 non
1414 177 1467 206 ex
1501 162 1604 206 vasis
1636 160 1866 205 secundum
1896 168 2095 204 naturam
2126 161 2171 206 in

198 238 392 268 convexa
428 224 621 280 placenta
655 221 929 277 patentibus,
962 218 1028 262 sed
1063 234 1115 262 ex
1144 220 1249 264 vasis
1284 221 1477 265 laceratis
1510 219 1563 273 (l)
1593 219 1721 262 fluere
1751 252 1764 273 ,
1801 217 1850 281 ,ἃ
1895 217 2170 273 potifflmum

193 295 247 324 ex
282 278 442 324 venofis
474 279 589 324 uteri
621 277 787 323 sinubus
819 276 1016 322 divulfis.
1050 277 1110 321 Et
1142 278 1341 333 exempla
1388 278 1482 322 sunt
1527 277 1726 322 secundas
1770 276 1842 320 diu
1885 284 1984 319 ante
2026 275 2167 321 fetum

193 337 422 395 prodiisse,
454 336 608 392 absque
639 337 757 380 malo
788 337 889 386 (m).
1493 363 1497 367 -

255 394 321 437 Ita
353 407 491 449 neque
523 409 576 437 ex
607 394 807 451 sanguine
839 393 1055 450 placentas
1085 391 1372 450 animalium,
1404 389 1605 445 sequente
1636 391 1797 449 aliquid
1831 389 2051 437 confirmo
2081 390 2161 447 (n).

193 450 312 497 Nam
345 451 417 495 alii
451 451 520 495 Cl.
553 451 650 495 Viri
684 451 838 508 absque
869 450 1068 506 sanguine
1099 449 1307 494 detrafflas
1339 448 1541 492 viderunt
1572 449 1656 502 (ο).

250 510 368 553 Cum
400 520 603 566 praeterea
635 510 725 553 haec
757 508 905 555 omnia
937 508 1037 553 satis
1070 507 1278 552 instabilia
1309 505 1420 561 sint,
1450 506 1491 550 8<
1524 505 1627 561 saepe
1676 506 1888 553 variolosa
1932 517 2072 553 mater
2103 505 2164 551 sa-

191 580 299 610 num
332 572 347 619 (
375 580 404 622 p
435 567 451 617 )
483 567 618 622 pariat
649 581 859 624 puerum,
891 565 991 615 alias
1023 566 1134 610 setus
1165 565 1428 610 variolarum
1460 561 1573 620 figna
1606 561 1746 608 secum
1793 565 1985 610 attulerit
2017 599 2030 621 ‚
2061 579 2165 610 cum

190 623 238 668 in
269 624 408 668 lucem
441 625 665 679 ederetur,
695 624 737 668 &
770 637 915 670 tamen
946 622 1184 677 constaret,
1216 633 1401 667 matrem
1432 620 1621 665 variolas
1653 635 1740 664 non
1773 621 1853 666 effe
1882 622 2040 680 passam
2072 624 2158 680 (q)';

190 693 336 725 mater
362 681 494 725 etiam
528 682 639 737 peste
671 684 760 737 (r),
791 693 863 727 aut
895 683 963 726 lue
996 681 1052 736 (s)
1080 694 1264 724 venerea
1309 678 1455 723 affeffla
1498 678 1646 724 sanum
1691 692 1870 734 puerum
1919 680 2162 738 pepererit3

190 753 291 782 curn
323 739 457 784 etiam
488 739 643 785 falsum
675 739 879 796 repererit
907 738 982 782 Cl.
1013 736 1169 794 Detlef
1190 738 1273 788 (t)
1302 736 1429 781 rubiae
1461 736 1592 781 matri
1625 736 1867 793 propinatae·
1896 737 2087 794 aliquem
2117 738 2166 782 in

194 795 336 841 fetum
368 808 494 841 utero
525 809 781 842 contentum
813 796 1013 841 effecium
1044 794 1331 849 effe,incerta
1364 795 1462 838 inde
1494 808 1576 850 pro
1607 793 1758 838 matris
1789 808 1890 837 cum
1922 794 2010 839 fetu
2042 810 2163 840 com·

193 854 363 898 mercio
394 866 644 910 argumenta
675 855 881 899 deducas.
918 855 969 898 In
1000 854 1075 898 ovi
1097 857 1162 907 (u)
1184 852 1285 898 testa
1316 852 1444 896 rubiae
1476 853 1668 897 colorem
1702 865 1933 908 apparere,
1964 865 2045 907 qua
2077 854 2163 910 gal-

194 910 281 955 lina
314 910 585 969 pascebatur,
616 912 782 957 facilius
813 910 1005 958 dederim
1035 923 1048 965 ;
1093 925 1195 955 nam
1238 925 1374 955 ovum
1405 910 1561 958 matris
1593 908 1675 955 fuit
1707 908 1944 966 particula,
1975 908 2016 952 ἃ
2048 910 2164 956 inter

193 967 320 1012 calcis
355 971 565 1013 elementa
594 969 712 1014 rubia
742 981 859 1014 amat
890 968 1071 1026 deponi.

253 1026 408 1082 Neque
440 1027 629 1081 vellem,
660 1038 706 1071 ut
738 1027 872 1085 aliqui
905 1040 1040 1083 nuper
1071 1026 1189 1071 Clar.
1214 1025 1343 1082 Viri,
1378 1024 1669 1070 necessitatem
1699 1024 1891 1080 aliquam
1918 1021 2163 1081 respiratio·

191 1082 257 1127 nis
281 1116 294 1136 ‚
325 1084 373 1126 ad
409 1082 717 1139 perficiendum
751 1084 999 1143 sanguinem
1022 1117 1035 1138 ‚
1081 1085 1188 1139 adve
1232 1084 1421 1129 calorem
1467 1084 1702 1137 adducere,
1735 1094 1806 1126 aut
1840 1081 2087 1138 sanguinem
2119 1082 2166 1128 in

192 1140 379 1204 gravidis
412 1141 587 1186 feminis
617 1142 717 1187 ideo
747 1143 920 1201 nigrum
953 1146 969 1197 (
999 1158 1026 1185 x
1057 1141 1073 1191 )
1103 1142 1245 1187 dicere
1265 1175 1278 1197 ‚
1309 1142 1425 1199 quod
1469 1139 1669 1199 sanguine
1701 1156 1724 1184 a
1766 1140 1856 1185 fetu
1900 1140 2052 1185 reduce
2100 1141 2165 1185 vi-

191 1209 350 1243 netur.

252 1257 373 1300 Nam
403 1256 552 1302 avium
584 1257 695 1302 fetus
728 1257 1020 1314 pulcherrime
1050 1256 1227 1303 rubrum
1258 1255 1507 1315 sanguinem
1538 1271 1592 1302 ex
1623 1254 1835 1301 alimento
1866 1253 1941 1301 suo
1971 1255 2047 1303 fibi
2077 1254 2165 1300 abs·

193 1325 276 1371 que
306 1315 459 1360 matris
490 1315 655 1361 auxilio
686 1329 833 1373 parat.

410 1429 449 1483 §.
482 1429 701 1475 XXXIII.
732 1432 1004 1487 Argumenta
1028 1442 1103 1488 pro
1134 1427 1318 1484 tranfitu
1348 1427 1545 1474 alimenti
1568 1442 1643 1487 per
1672 1397 1956 1474 umbilicum

250 1542 406 1598 Fetus,
438 1545 514 1601 qui
545 1546 715 1590 suerunt
746 1546 941 1602 acephali
973 1548 991 1597 (
1020 1560 1046 1588 n
1079 1546 1127 1600 )‚
1158 1560 1288 1590 oreve
1319 1545 1460 1591 clauso
1492 1550 1509 1600 (
1540 1545 1567 1589 b
1599 1548 1644 1599 >,
1674 1558 1765 1589 non
1795 1555 2058 1601 potuerunt,
2088 1543 2166 1590 nisi

190 1615 271 1702 pler
301 1604 548 1664 placentam
577 1604 619 1648 ὃ(
651 1602 847 1647 umbilici
897 1603 991 1648 vasa
1038 1601 1193 1647 nutriri
1224 1633 1233 1645 .
1281 1605 1411 1648 Nunc
1454 1603 1484 1649 fi
1531 1602 1599 1648 isti
1645 1614 1909 1660 potuerunt,
1940 1602 2092 1658 quidni
2122 1602 2167 1646 ὃς

190 1673 213 1701 a
235 1673 264 1702 11
286 1691 296 1702 .

251 1715 451 1760 Maxima
483 1716 554 1760 illa
586 1716 805 1774 congestio
849 1716 1062 1772 sanguinis
1106 1716 1152 1761 in
1198 1728 1369 1762 uterum
1400 1718 1418 1768 (
1450 1733 1469 1760 c
1500 1716 1517 1767 )
1551 1716 1815 1773 praegnantis
1853 1716 2024 1761 feminae
2077 1730 2166 1760 non

195 1771 418 1874 videsremr
446 1772 580 1819 finem
614 1773 853 1831 sapientem
884 1774 1081 1819 habitura
1111 1806 1124 1829 ‚
1168 1773 1245 1819 nis1
1287 1774 1338 1818 de
1381 1789 1430 1819 ea
1462 1773 1722 1819 abundantia
1752 1774 1916 1830 aliquid
1947 1773 1993 1818 in
2024 1773 2165 1818 fetum

191 1839 210 1874 t
236 1845 316 1874 ani
399 1864 410 1876 .
2092 1868 2097 1869 a

212 1843 676 1945 rNortitintelligitum
708 1905 784 1934 cur
813 1888 1051 1933 catamenia
1081 1889 1187 1932 adeo
1220 1899 1341 1933 certo
1373 1888 1492 1943 (d),
1525 1887 1659 1934 etiam
1690 1887 1837 1945 primo
1867 1887 2042 1942 mense,
2074 1901 2166 1943 quo

195 1943 307 1990 fetus
339 1961 492 2002 parum
524 1947 595 1991 fibi
632 1946 762 1991 sumit
793 1947 989 1991 alimenti
1018 1980 1030 1999 ,
1064 1945 1106 1989 in
1138 1946 1266 2000 longe
1298 1946 1498 2003 plurimis
1544 1944 1807 1991 feminarum
1839 1944 2162 2012 supprimatur?

199 2001 277 2050 nifi
309 2015 450 2050 uterus
482 2004 525 2051 ὃ(
556 2005 601 2049 in
633 2006 878 2063 placentam
908 2006 958 2051 de
989 2002 1191 2063 sanguine
1221 2004 1295 2051 suo
1327 2003 1617 2062 transmittit3
1649 2002 1726 2049 nist
1756 2003 1802 2048 in
1831 2018 1989 2062 primis
2022 2014 2165 2105 itczlahau

2024 2075 2048 2104 a
2109 2075 2160 2105 κο

240 2505 301 2550 (k)
326 2510 466 2546 Henket.
514 2510 616 2546 Sami.
642 2522 673 2555 p.
704 2523 756 2546 12·
806 2511 973 2545 Schucher.
1001 2511 1146 2555 placent.
1207 2525 1236 2548 2.
1268 2524 1361 2548 num.
1388 2515 1439 2554 58.
1466 2509 1552 2555 Eph.
1589 2513 1672 2545 Nat·
1708 2513 1786 2545 cur.
1827 2509 1900 2541 Vol.
1927 2509 1983 2543 IV.
2010 2507 2077 2542 obs.
2106 2519 2160 2548 33.

118 2557 127 2569 “
195 2558 280 2586 uter·
305 2555 412 2589 morb,
438 2560 569 2591 Levret.
607 2568 684 2601 pag·
722 2569 779 2600 43.
818 2569 893 2599 343.
920 2558 985 2592 ἃς.
1009 2558 1148 2593 Smeuie
1205 2559 1318 2593 Mead.
1343 2559 1464 2593 variol.
1492 2568 1526 2600 p·
1552 2560 1606 2591 66-
1634 2555 1719 2600 phil.
1744 2554 1845 2589 trans·
1870 2566 1962 2589 num·
1992 2566 2063 2596 393.
2092 2555 2160 2597 Ριὸι

198 2607 229 2638 3.
258 2611 291 2640 p.
320 2610 391 2640 ¹43-
420 2613 498 2643 ⁴14·
1208 2605 1323 2637 Eireh.
1350 2612 1376 2637 t.
1401 2615 1434 2644 4.
1460 2614 1537 2647 pag.
1562 2613 1641 2641 4²9·

238 2644 297 2684 (l)
322 2650 357 2679 P·
383 2657 442 2684 47·
1255 2648 1308 2692 (r)
1334 2649 1451 2683 Traite
1477 2649 1517 2682 de
1543 2649 1575 2681 la
1602 2648 1684 2690 peste
1711 2655 1846 2691 p.=²299.

240 2688 311 2731 (m)
338 2689 422 2735 L⁰ff·
448 2692 472 2725 ¹·
497 2703 530 2733 4-
556 2691 624 2726 Obs-
650 2703 705 2734 ²4·
1252 2695 1306 2739 (s)
1335 2699 1477 2729 Turner,
1503 2692 1644 2736 siphins
1684 2703 1718 2737 p.
1758 2703 1832 2733 133.
1857 2688 1944 2735 Eph.
1972 2693 2052 2724 Nat.
2077 2691 2160 2726 clm*

241 2733 299 2777 (n)
325 2740 359 2768 P.
387 2748 437 2776 50.
1206 2743 1305 2776 Ceut.
1332 2752 1362 2781 3.
1390 2740 1459 2774 obs.
1487 2741 1540 2775 18.

243 2776 299 2818 (o)
322 2784 423 2823 Boyle
449 2782 516 2816 diff.
547 2794 574 2823 3-
601 2783 635 2816 in
662 2794 769 2817 cane.
1251 2788 1303 2826 (t)
1330 2790 1363 2820 Ρ,
1389 2796 1424 2825 7·

247 2821 301 2867 (p)
329 2827 542 2870 Kirkpatrik.
567 2828 703 2870 analyst
737 2828 777 2862 of
797 2830 886 2863 inoc.
921 2828 972 2862 ed.
1002 2830 1047 2862 ΙΙ·
1073 2839 1146 2873 pag.
1253 2830 1312 2870 (u)
1343 2828 1644 2866 Boehmeraeffest.
1670 2827 1742 2862 rab.
1766 2837 1797 2870 p.
1825 2837 1877 2868 3⁹·

201 2873 254 2899 21.
279 2872 427 2912 Douglas
453 2872 565 2907 North
604 2873 750 2908 Americ.
779 2877 824 2909 11.
852 2884 926 2918 pag.
949 2884 1024 2914 393·
1041 2878 1147 2909 smel·
1251 2875 1311 2918 kx)
1335 2877 1457 2910 Dionis
1480 2874 1696 2908 accouchem.
1721 2885 1751 2916 p.
1781 2884 1858 2914 352·

198 2910 246 2943 1¹⁵²
269 2912 354 2947 cases
381 2927 413 2958 p.
440 2921 516 2952 182.
543 2921 615 2958 308.
646 2922 688 2952 11.
728 2930 803 2963 pag.
844 2933 860 2963 5
900 2922 1039 2953 Ber-cher.
1064 2921 1088 2953 l.
1114 2931 1145 2954 c·
1251 2921 1303 2964 (a)
1329 2927 1369 2957 L.
1398 2933 1448 2955 10.
1474 2931 1510 2964 p·
1536 2930 1611 2960 237.

199 2955 230 2987 ἃ
258 2958 372 2997 Ioum·
396 2962 586 2998 medsann·
615 2974 713 3004 1759·
739 2976 784 2998 m.
812 2964 903 3003 Mai.
943 2965 962 3004 ζ
988 2966 1147 3005 gemello·
1252 2966 1306 3009 (b)
1330 2970 1437 3010 Gouey
1462 2966 1560 3000 verit.
1585 2964 1669 2998 chit.
1693 2974 1727 3007 Ρ·
1752 2972 1833 3003 4¹2,

197 3009 274 3032 rum
300 3001 383 3037 alter
408 3016 483 3040 cum
520 3009 605 3043 alter
643 3009 834 3046 inficeretur
870 3011 886 3048 Ἰ
927 3010 1076 3051 Hofrnan.
1104 3010 1146 3045 de
1253 3013 1304 3055 (ο)
1328 3013 1429 3047 Tom'.
1456 3022 1483 3050 9·
1511 3012 1585 3046 Lib.
1612 3019 1665 3048 ²9·
1692 3008 1780 3043 See‘h
1807 3011 1835 3043 Ι.
1860 3017 1935 3052 pag.
1961 3016 2035 3048 155.

197 3045 307 3078 morb·
334 3047 392 3081 fet.
417 3050 451 3083 in
480 3061 563 3086 uter.
589 3065 622 3086 n.
650 3064 702 3096 ²4·
727 3054 811 3100 phil.
838 3055 939 3091 trans·
964 3067 1145 3098 num.493.
1254 3060 1312 3100 (d)
1338 3058 1405 3092 Etfi
1430 3058 1522 3090 enim
1547 3054 1682 3096 feminae
1706 3055 1826 3098 aliquae
1858 3051 2002 3098 gravidae
2027 3053 2155 3088 menses

201 3091 359 3126 Verband.
385 3094 410 3127 1.
436 3105 463 3127 c.
491 3107 553 3139 pag
590 3102 669 3136 488.
1210 3105 1408 3148 patiuntur,
1433 3104 1516 3136 adeo
1542 3100 1749 3136 tamenim
1785 3099 1861 3140 sunt
1896 3097 2009 3143 casus,
2034 3106 2070 3135 ut
2094 3107 2159 3143 pre

241 3134 301 3186 (⁴3.)
326 3139 367 3175 In
392 3140 533 3184 patritia
555 3142 682 3182 femina
707 3144 797 3194 Addq.
836 3145 1027 3196 Hagrdom.
1052 3147 1151 3189 cent.
1209 3150 1314 3191 mulis
1338 3148 1455 3187 haberi
1479 3146 1622 3198 poffipt·
